@book{algorithm,
author = "大槻 兼資",
title = "問題解決力を鍛える！ アルゴリズムとデータ構造",
publisher = "講談社",
year = 2020,

}