@book{ bibunsho,
author = "奥村 晴彦 and 黒木 祐介",
yomi = "Haruhiko Okumura and Yusuke Kuroki",
title = "\LaTeXe 美文書作成入門 改訂第8版",
publisher = "技術評論社",
year = 2020
}

@book{ holo-nyumon,
title = "ホログラフィ入門: コンピュータを利用した3次元映像・3次元計測",
author = "伊藤 智義 and 下馬場 朋禄",
yomi = "Tomoyoshi Ito and Tomoyoshi Shimobaba",
publisher = "講談社",
year = 2017
}

@book{ koufuku,
title = "三日間の幸福",
author = "三秋　縋",
yomi = "Sugaru Miaki",
publisher = "メディアワークス文庫",
year = 2013
}

@book{ koiasu,
title = "恋する小惑星(アステロイド)(1)",
author = "Quro",
publisher = "株式会社芳文社",
year = 2018
}

@misc{ tebiki,
title = "教育用計算機システム使用の手引き 2022年度版",
author = "筑波大学 情報学群 情報科学類",
note = {\url{https://www.coins.tsukuba.ac.jp/tebiki/2022/tebiki2022.pdf}},
year = 2022
}
@misc{listing,
title = "LaTeXでコードを載せるときとか目次の作り方とか．図をfigureや表をtableに変更する方法も",
author = "TomKid",
note = {\url{https://qiita.com/TomKid/items/5da182037c2253dfb28d}},
year = 2018
}
